@article{Bischl2017,
	archiveprefix = "arXiv",
	author = "{Bischl}, B. and {Casalicchio}, G. and {Feurer}, M. and {Hutter}, F. and {Lang}, M. and {Mantovani}, R.~G. and {van Rijn}, J.~N. and {Vanschoren}, J.",
	eprint = "1708.03731",
	journal = "ArXiv preprint arXiv:1708.03731",
	keywords = "Statistics - Machine Learning; Computer Science - Learning",
	primaryclass = "stat.ML",
	title = "{{OpenML} benchmarking suites and the {OpenML100}}",
	year = 2017,
	url = {https://arxiv.org/abs/1708.03731}
}